@inproceedings{hifipolbro,
  author        = "Ananth Jillepalli and Daniel Conte de Leon",
  title         = "An Architecture for a Policy-Oriented Web Browser Configuration Management System - HiFiPol: Browser",
  booktitle     = "Proc. IEEE 40th Annual Computer Software and Applications Conference (COMPSAC)",
  address	= "Atlanta, Georgia, USA",
  year		= "2016",
}

@inproceedings{multidcg,
  author        = "Hideo Shimazu and Yosuke Takashima",
  title         = "Multimodal Definite Clause Grammar",
  booktitle     = "Proc. COLING '94 Proceedings of the 15th conference on Computational linguistics - Volume 2",
  address       = "Stroudsburg, PA, USA",
  year          = "1994",
  pages         = "832-836"
}

@inproceedings{twowaysformal,
  author        = "Mark Johnson",
  title         = "Two Ways of Formalizing Grammars",
  booktitle     = "Proc. Linguistics and Philosophy - Kluwer Academic Publishers - Volume 17",
  address       = "Netherlands",
  year          = "1994",
  pages         = "221-248"
}

@inproceedings{metagrammar,
  author        = "Alain Colmerauer",
  title         = "Metamorphosis Grammars",
  booktitle     = "Proc. Natural Language Communication with Computers",
  address       = "London, UK",
  year          = "1978",
  pages         = "133-189"
}

@inproceedings{chomsky,
  author        = "Noam Chomsky",
  title         = "Three models for the description of language",
  booktitle     = "Proc. Information Theory, IRE Transactions - Volume: 2, Issue: 3",
  year          = "1956",
  pages         = "113-124"
}

@book{automata,
  author        = "John E. Hopcroft and Rajeev Motwani and Jeffrey D. Ullman",
  title         = "Introduction to Automata Theory, Languages, and Computation",
  publisher     = "Pearson",
  year          = "1979",
  pages	= "77-137"
}

@inproceedings{natural,
  author        = "Geoffrey K. Pullum and Gerald Gazdar",
  title         = "Natural Languages and Context-Free Languages",
  booktitle     = "Proc. Linguistics and Philosophy - Kluwer Academic Publishers Publishers - Volume: 4, Issue: 4",
  address       = "Netherlands",
  year          = "1982",
  pages         = "471-504"
}

@misc{ciscoios,
  key	     = "cisco",
  title         = "Release Notes for Cisco IOS Release 15.4M\&T",
  note     = "Cisco Systems Incoporated",
  address       = "San Jose, CA, US",
  year          = "November 22, 2013"
}

@misc{OrgStat,
  key        = "Rightscale",
  title        = "2016 - State of the Cloud Report",
  note         = "RightScale Incorporation",
  howpublished           = "\url{http://www.rightscale.com/press-releases/rightscale-2016-state-of-the-cloud-report}",
  month         = feb,
  year          = "2016"
}

@misc{USCert,
  title        = "Securing your web browser",
  note         = "United States - Computer Emergency Readiness Team",
  howpublished           = "\url{https://www.us-cert.gov/publications/securing-your-web-browser}",
  month         = sep,
  year          = "2015"
}

@incollection{spl:2013,
  author      = "Jorge Bernal Bernabe and Juan M. Marin Perez and Jose M. Alcaraz Calero and Jesus D. Jimenez Re and Felix J.G. Clemente and Gregorio Martinez Perez and Antonio F.G. Skarmeta",
  title       = "Security Policy Specification",
  editor      = "Jemal Abawajy and Mukaddim Pathan and Mustafizur Rahman and Mustafa Mat Deris",
  booktitle   = "Network and Traffic Engineering in Emerging Distributed Computing Applications",
  publisher   = "IGI Global",
  address     = "Oxford",
  year        = 2013,
  pages       = "66-93",
  chapter     = 04,
}