@misc{XSB,
	author = {{Theresa Swift} and {David S. Warren}},
	title = {The XSB System},
	date = {July 6, 2016},
	subtitle = {Volume 1: Programmer's Manual},
	language = {English},
	version = {3.7.x},
	organization = {XSB},
	howpublished = "\url{http://xsb.sourceforge.net/manual1/manual1.pdf}",
	urldate = {September 22, 2016},
}

@unpublished{paper1,
	author = {{Daniel Conte de Leon} and {Matthew G. Brown} and {Jim Alves-Foss} and {Jared Zook}},
	title = {Router Policy Modeling and Concatenation Using the HPol Formal Model},
	date = {September 25, 2016},
	location = {Moscow, ID, USA},
	note = {{A}rticle in preparation},
}

@unpublished{zooks,
	author = {{Daniel Conte de Leon} and {Jared Zook} and {Jim Alves-Foss} and {Matthew G. Brown}},
	title = {Mandatory Access Control Modeling Using the HPol Formal Model},
	date = {September 25, 2016},
	location = {Moscow, ID, USA},
	note = {{A}rticle in preparation},
}

@unpublished{stalic,
	author = {{Daniel Conte de Leon} and {Anton Stalic} and {Jim Alves-Foss}},
	title = {Keystone Modeling Using the HPol Formal Model},
	date = {September 25, 2016},
	location = {Moscow, ID, USA},
	note = {{A}rticle in preparation},
}

@inproceedings{fisler2005verification,
	title={Verification and {C}hange-impact {A}nalysis of {A}ccess-control Policies},
	author={Fisler, Kathi and Krishnamurthi, Shriram and Meyerovich, Leo A and Tschantz, Michael Carl},
	booktitle={Proceedings of the 27th international conference on Software engineering},
	pages={196--205},
	year={2005},
	organization={ACM}
}

@inproceedings{schaad2002lightweight,
	title={A lightweight approach to specification and analysis of role-based access control extensions},
	author={Schaad, Andreas and Moffett, Jonathan D},
	booktitle={Proceedings of the seventh ACM symposium on Access control models and technologies},
	pages={13--22},
	year={2002},
	organization={ACM}
}

@inproceedings{nelson2010margrave,
	title={The Margrave Tool for Firewall Analysis.},
	author={Nelson, Timothy and Barratt, Christopher and Dougherty, Daniel J and Fisler, Kathi and Krishnamurthi, Shriram},
	booktitle={LISA},
	year={2010}
}

@inproceedings{shafiq2005role,
	title={A role-based access control policy verification framework for real-time systems},
	author={Shafiq, Basit and Masood, Ammar and Joshi, James and Ghafoor, Arif},
	booktitle={10th IEEE International Workshop on Object-Oriented Real-Time Dependable Systems},
	pages={13--20},
	year={2005},
	organization={IEEE}
}

@inproceedings{kotenko2011verification,
	title={Verification of security policy filtering rules by model checking},
	author={Kotenko, Igor and Polubelova, Olga},
	booktitle={Intelligent Data Acquisition and Advanced Computing Systems (IDAACS), 2011 IEEE 6th International Conference on},
	volume={2},
	pages={706--710},
	year={2011},
	organization={IEEE}
}

@inproceedings{hifipolbro,
  author        = "Ananth Jillepalli and Daniel Conte de Leon",
  title         = "An Architecture for a Policy-Oriented Web Browser Configuration Management System - {HiFiPol}: Browser",
  booktitle     = "Proc. IEEE 40th Annual Computer Software and Applications Conference (COMPSAC)",
  address	= "Atlanta, Georgia, USA",
  year		= "2016",
  doi 		= {10.1109/COMPSAC.2016.50},
  url       = "\url{http://ieeexplore.ieee.org/document/7552242},
  issn 		= {0730-31157}
  
}

@inproceedings{multidcg,
  author        = "Hideo Shimazu and Yosuke Takashima",
  title         = "Multimodal Definite Clause Grammar",
  booktitle     = "Proc. COLING '94 Proceedings of the 15th conference on Computational linguistics - Volume 2",
  address       = "Stroudsburg, PA, USA",
  year          = "1994",
  pages         = "832-836"
}

@inproceedings{twowaysformal,
  author        = "Mark Johnson",
  title         = "Two Ways of Formalizing Grammars",
  booktitle     = "Proc. Linguistics and Philosophy - Kluwer Academic Publishers - Volume 17",
  address       = "Netherlands",
  year          = "1994",
  pages         = "221-248"
}

@inproceedings{metagrammar,
  author        = "Alain Colmerauer",
  title         = "Metamorphosis Grammars",
  booktitle     = "Proc. Natural Language Communication with Computers",
  address       = "London, UK",
  year          = "1978",
  pages         = "133-189"
}

@inproceedings{chomsky,
  author        = "Noam Chomsky",
  title         = "Three models for the description of language",
  booktitle     = "Proc. Information Theory, IRE Transactions - Volume: 2, Issue: 3",
  year          = "1956",
  pages         = "113-124"
}

@book{automata,
  author        = "John E. Hopcroft and Rajeev Motwani and Jeffrey D. Ullman",
  title         = "Introduction to Automata Theory, Languages, and Computation",
  publisher     = "Pearson",
  year          = "1979",
  pages	= "77-137"
}

@inproceedings{natural,
  author        = "Geoffrey K. Pullum and Gerald Gazdar",
  title         = "Natural Languages and Context-Free Languages",
  booktitle     = "Proc. Linguistics and Philosophy - Kluwer Academic Publishers Publishers - Volume: 4, Issue: 4",
  address       = "Netherlands",
  year          = "1982",
  pages         = "471-504"
}

@misc{ciscoios,
  key	     = "cisco",
  title         = "Release Notes for Cisco IOS Release 15.4M\&T",
  note     = "Cisco Systems Incoporated",
  address       = "San Jose, CA, US",
  year          = "November 22, 2013"
}

@misc{OrgStat,
  key        = "Rightscale",
  title        = "2016 - State of the Cloud Report",
  note         = "RightScale Incorporation",
  howpublished           = "\url{http://www.rightscale.com/press-releases/rightscale-2016-state-of-the-cloud-report}",
  month         = feb,
  year          = "2016"
}

@misc{USCert,
  title        = "Securing your web browser",
  note         = "United States - Computer Emergency Readiness Team",
  howpublished           = "\url{https://www.us-cert.gov/publications/securing-your-web-browser}",
  month         = sep,
  year          = "2015"
}

@incollection{spl:2013,
  author      = "Jorge Bernal Bernabe and Juan M. Marin Perez and Jose M. Alcaraz Calero and Jesus D. Jimenez Re and Felix J.G. Clemente and Gregorio Martinez Perez and Antonio F.G. Skarmeta",
  title       = "Security Policy Specification",
  editor      = "Jemal Abawajy and Mukaddim Pathan and Mustafizur Rahman and Mustafa Mat Deris",
  booktitle   = "Network and Traffic Engineering in Emerging Distributed Computing Applications",
  publisher   = "IGI Global",
  address     = "Oxford",
  year        = 2013,
  pages       = "66-93",
  chapter     = 04,
}

@mastersthesis{zook1,
	author = {Jared Zook},
	title = {High-level Modeling and Verification of Mandatory Access Control Policies Across Multiple Security-Enhanced Linux Devices},
	school = {University of Idaho},
	month = {December},
	year = {2016}
}

@inproceedings
{
	Jillepali1,
	author      = {Ananth A. Jillepalli and Daniel Conte de Leon and Stuart Steiner and Frederick Sheldon},
	title       =  {{HERMES:} A High-Level Policy Language for High-Granularity Enterprise-wide Secure Browser Configuration Management},
	booktitle   = {Proc. 2016 {IEEE} Symposium Series on Computational Intelligence {(SSCI-2016)}},
	place       = {Athens, Greece},
	day         = {06-09},
	month       = {December},
	publisher   = {IEEE},
	year        = 2016
}
